<record><leader>00000cas a2200000 a 4500</leader><controlfield tag="001">35526413</controlfield><controlfield tag="008">960912c18449999nyuwr n a     0    0eng c</controlfield><datafield ind1=" " ind2=" " tag="010"><subfield code="a">sn 96020057 </subfield></datafield><datafield ind1=" " ind2=" " tag="040"><subfield code="a">COO</subfield><subfield code="b">eng</subfield><subfield code="c">DLC</subfield><subfield code="d">OCL</subfield><subfield code="d">OCLCQ</subfield><subfield code="d">OCLCG</subfield><subfield code="d">OCLCQ</subfield><subfield code="d">OCLCO</subfield></datafield><datafield ind1=" " ind2=" " tag="012"><subfield code="i">9609</subfield></datafield><datafield ind1="1" ind2=" " tag="029"><subfield code="a">AU@</subfield><subfield code="b">000012850279</subfield></datafield><datafield ind1=" " ind2=" " tag="042"><subfield code="a">pcc</subfield></datafield><datafield ind1=" " ind2=" " tag="043"><subfield code="a">n-us---</subfield><subfield code="a">n-us-ny</subfield></datafield><datafield ind1="0" ind2=" " tag="130"><subfield code="a">Clay tribune (New York, N.Y.)</subfield></datafield><datafield ind1="1" ind2="0" tag="245"><subfield code="a">Clay tribune</subfield><subfield code="h">[microform].</subfield></datafield><datafield ind1=" " ind2=" " tag="260"><subfield code="a">New York [N.Y.] :</subfield><subfield code="b">Greeley &amp; McElrath,</subfield><subfield code="c">1844.</subfield></datafield><datafield ind1=" " ind2=" " tag="300"><subfield code="a">v. ;</subfield><subfield code="c">53 cm.</subfield></datafield><datafield ind1=" " ind2=" " tag="310"><subfield code="a">Weekly</subfield></datafield><datafield ind1="0" ind2=" " tag="362"><subfield code="a">No. 1 (May 4, 1844)-no. 27 (Nov. 2, 1844).</subfield></datafield><datafield ind1=" " ind2=" " tag="500"><subfield code="a">Publishers: Horace Greeley, Thomas McElrath.</subfield></datafield><datafield ind1=" " ind2=" " tag="500"><subfield code="a">Editor: Horace Greeley.</subfield></datafield><datafield ind1=" " ind2=" " tag="500"><subfield code="a">"Thoroughly devoted to the advancement of the Whig cause and the election of Henry Clay."</subfield></datafield><datafield ind1=" " ind2=" " tag="500"><subfield code="a">Contains "substantially all the political matter which appears in the Daily and Weekly Tribune."</subfield></datafield><datafield ind1=" " ind2=" " tag="533"><subfield code="a">Microfilm.</subfield><subfield code="m">no. 1 (May 4, 1844)</subfield><subfield code="b">[S.l. :</subfield><subfield code="c">s.n.].</subfield><subfield code="e">3 frames on 1 microfilm reel ; 35 mm.</subfield></datafield><datafield ind1="1" ind2="0" tag="600"><subfield code="a">Clay, Henry,</subfield><subfield code="d">1777-1852.</subfield></datafield><datafield ind1=" " ind2="0" tag="650"><subfield code="a">Presidents</subfield><subfield code="z">United States</subfield><subfield code="x">Elections</subfield><subfield code="y">1844.</subfield></datafield><datafield ind1=" " ind2="0" tag="650"><subfield code="a">Presidential candidates</subfield><subfield code="z">New York (State)</subfield></datafield><datafield ind1=" " ind2="0" tag="650"><subfield code="a">Campaign literature, 1844</subfield><subfield code="x">Whig</subfield><subfield code="z">New York (State)</subfield><subfield code="v">Newspapers.</subfield></datafield><datafield ind1=" " ind2="0" tag="651"><subfield code="a">New York (N.Y.)</subfield><subfield code="v">Newspapers.</subfield></datafield><datafield ind1="1" ind2=" " tag="700"><subfield code="a">Greeley, Horace,</subfield><subfield code="d">1811-1872.</subfield></datafield><datafield ind1=" " ind2=" " tag="752"><subfield code="a">United States</subfield><subfield code="b">New York</subfield><subfield code="c">New York</subfield><subfield code="d">New York.</subfield></datafield><datafield ind1="0" ind2=" " tag="775"><subfield code="t">New-York daily tribune</subfield><subfield code="w">(DLC)sn 83030213</subfield></datafield><datafield ind1="0" ind2=" " tag="775"><subfield code="t">New York weekly tribune</subfield><subfield code="x">1052-7389</subfield><subfield code="w">(DLC)sn 83030280</subfield></datafield><datafield ind1="1" ind2=" " tag="776"><subfield code="c">Original</subfield><subfield code="w">(DLC)sn 83030249</subfield></datafield><datafield ind1=" " ind2=" " tag="850"><subfield code="a">NIC</subfield></datafield></record>